@book{newman2015,
    title={Building Microservices},
    author={Newman, S.},
    isbn={9781491950357},
    year={2015},
    publisher={O'Reilly Media, Incorporated}
}
@misc{microservicesIO,
    title={A Pattern Laguage for Microservices},
    howpublished={\url{http://microservices.io/patterns/}},
    author={Chris Richardson},
    accessed={2015-12-06}
}
@inproceedings{marmol2015,
  title={Networking in Containers and Container Clusters},
  author={Marmol, Victor and Jnagal, Rohit and Hockin, Tim},
  year={2015},
  month={Feb},
  address={Netdev 0.1, Ottawa, Canada}
}