% This file was created with JabRef 2.9.2.
% Encoding: UTF8

@MISC{JWT,
  author = {{Auth0 Inc.}},
  title = {{Introduction to JSON Web Tokens}},
  howpublished = {{Webartikel}},
  owner = {moellers},
  timestamp = {2015.12.30},
  url = {http://jwt.io/introduction/},
  urldate = {2015-12-30}
}

@ARTICLE{Bedner+10,
  author = {Mark Bedner and Tobias Ackermann},
  title = {{Schutzziele der IT-Sicherheit}},
  journal = {{Datenschutz und Datensicherheit}},
  year = {2010},
  volume = {5},
  pages = {323 - 328},
  file = {Bedner+10.pdf:bib/Bedner+10.pdf:PDF},
  owner = {moellers},
  timestamp = {2015.12.01}
}

@MISC{Clemson14,
  author = {Toby Clemson},
  title = {{Testing Strategies in a Microservice Architecture}},
  howpublished = {{Präsentation}},
  month = nov,
  year = {2014},
  owner = {moellers},
  timestamp = {2015.12.31},
  url = {http://martinfowler.com/articles/microservice-testing/},
  urldate = {2015-12-31}
}

@ARTICLE{Fowler+14,
  author = {Martin Fowler and James Lewis},
  title = {{Microservices. A definition of this new architectural term}},
  year = {2014},
  month = mar,
  file = {Fowler+14.pdf:bib/Fowler+14.pdf:PDF},
  owner = {moellers},
  timestamp = {2015.12.02}
}

@TECHREPORT{RFC6749,
  author = {Dick Hardt},
  title = {{The OAuth 2.0 Authorization Framework}},
  institution = {Internet Engineering Task Force},
  year = {2012},
  howpublished = {{Internet Requests for Comments}},
  type = {{RFC}},
  number = {6749},
  month = oct,
  doi = {http://dx.doi.org/10.17487/RFC6749},
  issn = {2070-1721},
  owner = {moellers},
  timestamp = {2015.12.29},
  url = {https://tools.ietf.org/html/rfc6749},
  urldate = {2015-12-29}
}

@BOOK{hohpe2003,
  title = {Enterprise Integration Patterns: Designing, Building, and Deploying
	Messaging Solutions},
  publisher = {Addison-Wesley Longman Publishing Co., Inc.},
  year = {2003},
  author = {Hohpe, Gregor and Woolf, Bobby},
  address = {Boston, MA, USA},
  isbn = {0321200683}
}

@TECHREPORT{RFC7519,
  author = {M. Jones and J. Bradley and N. Sakimura},
  title = {{JSON Web Token (JWT)}},
  institution = {Internet Engineering Task Force},
  year = {2015},
  howpublished = {{Internet Requests for Comments}},
  type = {{RFC}},
  number = {7519},
  month = may,
  doi = {http://dx.doi.org/10.17487/RFC7519},
  issn = {2070-1721},
  owner = {moellers},
  timestamp = {2015.12.29},
  url = {https://tools.ietf.org/html/rfc7519},
  urldate = {2015-12-30}
}

@ARTICLE{Li15,
  author = {Li, Richard},
  title = {{Baker Street: Avoiding Bottlenecks with a Client-Side Load Balancer
	for Microservices}},
  year = {2015},
  month = oct,
  owner = {moellers},
  timestamp = {2015.12.08},
  url = {http://thenewstack.io/baker-street-avoiding-bottlenecks-with-a-client-side-load-balancer-for-microservices/},
  urldate = {2015-12-08}
}

@INPROCEEDINGS{marmol2015,
  author = {Marmol, Victor and Jnagal, Rohit and Hockin, Tim},
  title = {Networking in Containers and Container Clusters},
  year = {2015},
  address = {Netdev 0.1, Ottawa, Canada},
  month = feb
}

@BOOK{newman2015,
  title = {Building Microservices},
  publisher = {O'Reilly Media, Incorporated},
  year = {2015},
  author = {Newman, S.},
  isbn = {9781491950357}
}

@MISC{microservicesIO,
  author = {Chris Richardson},
  title = {A Pattern Laguage for Microservices},
  howpublished = {\url{http://microservices.io/patterns/}},
  accessed = {2015-12-06}
}

@BOOK{webber2010,
  title = {REST in Practice: Hypermedia and Systems Architecture},
  publisher = {O'Reilly Media},
  year = {2010},
  author = {Webber, J. and Parastatidis, S. and Robinson, I.},
  series = {Theory in practice series},
  isbn = {9781449396923}
}

@PHDTHESIS{Wester-Ebbinghaus10,
  author = {Matthias Wester-Ebbinghaus},
  title = {{Von Multiagentensystemen zu Multiorganisationssystemen}},
  school = {Universität Hamburg},
  year = {2010},
  owner = {moellers},
  timestamp = {2015.12.23}
}

@MISC{k8sdoc,
  title = {Kubernetes Documentation},
  howpublished = {\url{http://kubernetes.io/v1.1/docs/}},
  accessed = {2015-12-07}
}


@MISC{Meier+08,
	author = {Meier and Homer and Hill and Taylor and Bascode and Wall and Boucher
	and Bogawat},
	title = {{Chapter 5. Deployment Patterns}},
	year = {2008},
	url = {https://apparchguide.codeplex.com/wikipage?title=Chapter%205%20-%20Deployment%20Patterns},
	urldate = {2014-12-07 at 19:15}
}